
@article{JackOliv,
  title={Vector Bundles Over Classifying Spaces of Compact Lie Groups},
  author={Jackowski and Oliver}
}

@article{MNN17,
  title={Nilpotence and Descent in Equivariant Stable Homotopy Theory},
  author={Mathew and Naumann and Noel}
}

@article{harpazAmbidex,
  title={{Ambidexterity and the Universality of Finite Spans}},
  author={Harpaz, Y.},
  year = {2019}
}

@article{segalCatCohom,
  title={{Categories and Cohomology Theories}},
  author={Segal, G.},
  journal = {Topology},
  year = {1974}
}

@article{hopkinsLurieAmbidex,
  title={{Ambidexterity in $K(n)$-Local Stable Homotopy Theory}},
  author={Hopkins, M. and Lurie, J.},
  year = {2013}
}

@article{nardinExpose,
  title={Expose {IV}},
  author={Nardin, D.}
}

@article{fabianWagner,
  title={Algebraic K-Theory,
  author={Hebestreit, F. and Wagner, F.}
}

@article{nikolausOperads,
  title={Stable Operads and the Multiplicative Yoneda Lemma,
  author={Nikolaus, T.}
}

@article{nardinThesis,
  title={PhD Thesis},
  author={Nardin, D.}
}

@article{shahThesis,
  title={Expose II: Indexed Colimits},
  author={Shah, J.}
}

@article{joyalTheoryOfQuasiCats,
  title={{The Theory of Quasi-Categories and its Applications}},
  author={Joyal, A.}
}

@article{joyalNotes,
  title={{Notes on Quasi-Categories}},
  author={Joyal, A.}
}

@article{riehlVerityYTM,
  title={{Infinity Categories from Scratch}},
  author={Riehl, E. and Verity, D.}
}


@article{expose1Elements,
  title={Expose I: Elements of Parametrised Homotopy Theory},
  author={Barwick, C. and Dotto, E. and Glasman, S. and Nardin, D. and Shah, J.}
}

@article{parametrisedIntroduction,
  title={Parametrised Homotopy Theory: Introduction},
  author={Barwick, C. and Dotto, E. and Glasman, S. and Nardin, D. and Shah, J.}
}

@article{MNNDerived,
  title={Derived Induction and Restriction Theory},
  author={Mathew and Naumann and Noel}
}


@article{JesperDraftBurnside,
  title={Burnside Ring of the p-Completed Classifying Space of a Finite Group},
  author={Grodal, Jesper}
}

@article{JesperDraftSpheres,
  title={Classification of homotopy G-actions on spheres},
  author={Grodal, Jesper and Smith, Jeff}
}

@article{DwyerZabrodsky,
  title={Maps Between Classifying Spaces},
  author={Dwyer, William and Zabrodsky, Alex}
}

@article{AtiyahCharCohom,
  title={{Characters and Cohomology}},
  author={Atiyah, M.},
  journal = {Pub. Math. de IHES},
  year = {1961}
}

@article{atiyahMacDonald,
  title={{Introduction to Commutative Algebra}},
  author={Atiyah, M. and MacDonald, I.},
  year = {1969},
  journal ={Addison-Wesley}
}

@article{AtiyahSegal,
  title={{Equivariant K-theory and Completion}},
  author={Atiyah, M. and Segal, G.},
  journal = {J. Diff. Geom.},
  year = {1969}
}



@article{CarusoMayPriddy,
  title={{The Segal Conjecture for Elementary Abelian p-Groups II}},
  author={Caruso, J. and May, J.P. and Priddy, S.B.},
  year= {1987},
  journal = {Topology}
}

@article{ABGHR,
  title={Units of Ring Spectra and Thom Spectra},
  author={Ando and Blumberg and Gepner and Hopkins and Rezk}
}

@article{AkhilVesna,
  title={Picard Groups of TMF Via Descent Theory},
  author={Mathew and Stojanoska}
}

@article{Rezk,
  title={The Units of a Ring Spectrum and a Logarithmic Comology Operation},
  author={Rezk, Charles}
}

@article{Santhanam,
  title={The Units of Equivariant Ring Spectra},
  author={Santhanam, Rekha}
}

@article{GreenleesMayMU,
  title={{Localization and Completion Theorems for MU-Module Spectra}},
  author={Greenlees, J.P.C. and May, J.P.},
  year = {1997},
  journal = {Ann. of Math.}
}

@article{GreenleesMayTate,
  title={{Generalised Tate Cohomology}},
  author={Greenlees, J.P.C. and May, J.P.},
  journal = {Memoirs of Amer. Math. Soc.},
  year = {1995}
}

@article{GreenleesMayDerived,
  title={{Derived Functors of I-adic Completion and Local Homology}},
  author={Greenlees, J.P.C. and May, J.P.},
  journal = {Journal of Algebra},
  year = {1990}
}



@article{GreenleesMaySurvey,
  title={Equivariant Stable Homotopy Theory},
  author={Greenlees and May}
}

@article{GreenleesMayCompletionBurnside,
  title={{Completions of G-Spectra at Ideals of the Burnside Ring}},
  author={Greenlees, J.P.C. and May, J.P.},
  journal = {Adams Memorial Symposium},
  year = {1992}
}

@article{GreenleesAxiomaticTate,
  title={{Axiomatic Tate Cohomology}},
  author={Greenlees, John}
}

@article{AHJMKU,
  title={{A Generalization of the Atiyah-Segal Completion Theorem}},
  author={Adams, J.F. and Haeberly, J.-P. and Jackowski, S. and May, J.P.},
  journal = {Topology},
  year={1988}
}

@article{AHJMSegal,
  title={{A Generalization of the Segal Conjecture}},
  author={Adams, J.F. and Haeberly, J.-P. and Jackowski, S. and May, J.P.},
  journal = {Topology},
  year={1988}
}

@article{HahnWilson,
  title={Eilenberg-MacLane Spectra as Equivariant Thom Spectra},
  author={Hahn, Jeremy and Wilson, Dylan}
}

@article{NielsenRognes,
  title={{The Topological Singer Construction}},
  author={Lunoe-Nielsen and Rognes}
}

@article{NikolausScholze,
  title={{On Topological Cyclic Homology}},
  author={Nikolaus, T. and Scholze, P.},
  journal = {Acta Math.},
  year = {2018}
}

@article{MathewVesna,
  title={The Picard Group of Topological Modular Forms via Descent Theory},
  author={Mathew and Stojanoska}
}

@article{tomDieckPetrieGeometric,
  title={Geometric Modules over the Burnside Ring},
  author={tom Dieck and Petrie}
}

@article{bachmannHoyois,
  title={Norms in Motivic Homotopy Theory},
  author={Bachmann, Tom and Hoyois, Marc}
}

@article{HHR,
  title={{On the Non-Existence of Elements of Kervaire Invariant One}},
  author={Hill, M. and Hopkins, M. and Ravenel, D.},
  journal = {Ann. of Math.},
  year = {2016}
}

@article{schwedeLecture,
  title={{Lectures on Equivariant Stable Homotopy Theory}},
  author={Schwede, S.},
  journal = {On the author's webpage}
}

@article{barwick1,
  title={{Spectral Mackey Functors and Equivariant Algebraic K-theory (I)}},
  author={Barwick, C.},
  journal = {Adv. in Math.},
  year = {2017}
}

@article{barwick2,
  title={{Spectral Mackey Functors and Equivariant Algebraic K-theory (II)}},
  author={Barwick, C. and Glasman, S. and Shah, J.}
}

@article{robaloSpheres,
  title={K-theory and the bridge from motives to noncommutative motives},
  author={Robalo, Marco}
}

@article{mathewStmod,
  title={Torus actions on stable module categories, Picard groups, and localizing subcategories},
  author={Mathew, Akhil}
}

@article{lucaThesis,
  title={{Algebra of Mackey and Green Functors}},
  author={Luca, F.},
  journal = {Thesis, University of Alaska},
  year = {1996}
}

@article{lucaChain,
  title={Mackey Functors with Chain Conditions},
  author={Luca, Florian}
}

@article{greenleesMackey,
  title={Some Remarks on Projective Mackey Functors},
  author={Greenlees, John}
}



@article{lurieHA,
  title={Higher Algebra},
  author={Lurie, Jacob},
  year = {2017}
}

@article{lurieHTT,
  title={{Higher Topos Theory}},
  author={Lurie, J.},
  journal = {Ann. of Math. Studies},
  year = {2012}
}

@article{stableRecollement,
  title={Notes on Stable Recollement},
  author={Barwick, Clark and Glasman, Saul}
}

@article{wilsonSlices,
  title={{Categories of Slices}},
  author={Wilson, D.},
  journal = {Preprint},
  year = {2017}
}

@article{glasmanStrat,
  title={Stratified categories, geometric fixed points and a generalized Arone-Ching theorem},
  author={Glasman, Saul}
}



@article{nikolausScholze,
  title={{On Topological Cyclic Homology}},
  author={Nikolaus, T. and Scholze, P.},
  journal = {Acta Math.},
  year = {2018}
}





@article{schwedeGlobal,
  title={{Global Homotopy Theory}},
  author={Schwede, S.}, 
  journal = {Cambridge University Press},
  year = {2018}
}






@article{adamsGunawardenaMiller,
  title={{The Segal Conjecture for Elementary Abelian $p$-Groups - I}},
  author={Adams, J.F. and Gunawardena, J.H. and Miller, H.},
  journal = {Topology},
  year = {1985}
}

@article{mayMcClure,
  title={{A Reduction of the Segal Conjecture}},
  author={May, J.P. and McClure, J.E.},
  journal = {Canadian Math. Soc. Conf. Proc.},
  year = {1982}
}

@article{tomDieckTransformationGroups,
  title={{Transformation Groups and Representation Theory}},
  author={tom Dieck, T.},
  journal = {Springer Lecture Notes in Mathematics},
  year = {1979}
}

@article{greenleesMayCompletion,
  title={{Completions in Algebra and Topology}},
  author={Greenlees, J.P.C. and May, J.P.},
  journal = {Handbook of Algebraic Topology},
  year = {1995}
}

@article{QuillenPosets,
  title={{Homotopy Properties of the Poset of Non-trivial p-Subgroups of a Group}},
  author={Quillen, D.},
  journal = {Adv. in Math.},
  year = {1978}
}

@article{bensonRepCohomII,
  title={{Representations and Cohomology II}},
  author={Benson, D.},
  journal = {Camb. Studies in Adv. Math.},
  year = {1991}
}

@article{atiyahSegal,
  title={{Equivariant K-Theory and Completion}},
  author={Atiyah, M. and Segal, G.},
  journal = {J. Diff. Geom.},
  year = {1969}
}

@article{greenleesKHomology,
  title={{K-Homology of Universal Spaces and Local Cohomology of the Representation Ring}},
  author={Greenlees, J.P.C.},
  journal = {Topology},
  year = {1993}
}

@article{haeberlyCompletion,
  title={{Completions in Equivariant K-Theory}},
  author={Haeberly, J.-P.},
  journal = {Thesis, University of Chicago},
  year = {1983}
}

@article{JackowskiCompletion,
  title={{Families of Subgroups and Completions}},
  author={Jackowski, S.},
  journal = {J. Pure and Appl. Algebra},
  year = {1985}
}

@article{segalKTheory,
  title={{Equivariant K-Theory}},
  author={Segal, G.},
  journal = {Pub. Math. IHES},
  year = {1968}
}

@article{carlsson,
  title={{Equivariant Stable Homotopy and Segal's Burnside Ring Conjecture}},
  author={Carlsson, G.},
  journal = {Ann. of Math.},
  year = {1984}
}

@article{segalICM1970,
  title={{Equivariant Stable Homotopy Theory }},
  author={Segal, G.},
  journal = {Actes Congres Intern. des Math.},
  year = {1970}
}

@article{tomDieckSplitting,
  title={{Orbittypen und Aquivariante Homologie II}},
  author={tom Dieck, T.},
  journal = {Arch. Math. (Basel)},
  year = {1975}
}

@article{laitinen,
  title={{On the Burnside ring and Stable Cohomotopy of a Finite Group }},
  author={Laitinen, E.},
  journal = {Math. Scand.},
  year = {1979}
}


@article{lewisMaySteinberger,
  title={{Equivariant Stable Homotopy Theory}},
  author={Lewis, G. and May, J.P. and Steinberger, M.},
  journal = {Springer Lecture Notes},
  year = {1986}
}

@article{lin,
  title={{On Conjectures of Mahowald, Segal, and Sullivan}},
  author={Lin, W.-H.},
  journal = {Math. Proc. Camb. Phil. Soc.}.
  year = {1980}
}
@article{linDavisMahowaldAdams,
  title={{Calculation on Lin's Ext Groups}},
  author={Lin, W.-H. and Davis, D. and Mahowald, M. and Adams, J.F.},
  journal = {Math. Proc. Camb. Phil. Soc.},
  year = {1980}
}

@article{gunawardena,
  title={{Segal Conjecture for Cyclic Groups of (Odd) Prime Order}},
  author={Gunawardena, J.H.},
  journal ={Cambridge Knight Prize Essay},
  year = {1980}
}

@article{ravenel,
  title={{The Segal Conjecture for Cyclic Groups }},
  author={Ravenel, D.}, 
  journal ={Bull. London Math. Soc.}, 
  year = {1981}
}

@article{segalStretch,
  title={{Characteristic Classes for Permutation Representations}},
  author={Segal, G. and Stretch, C. T.},
  journal = {Math. Proc. Camb. Phil. Soc.},
  year = {1981}
}

@article{stretch,
  title={{Stable Cohomotopy and Cobordism of Abelian Groups}},
  author={Stretch, C. T.},
  journal = {Math. Proc. Camb. Phil. Soc.},
  year = {1981}
}

@article{carlssonC2,
  title={{G. B. Segal's Burnside Ring Conjecture for $(\mathbb{Z}/2\mathbb{Z})^k$}},
  author={Carlsson, G.},
  journal = {Topology},
  year = {1983}
}

@article{carlssonHomotopyLimit,
  title={{Segal's Burnside Ring Conjecture and the Homotopy Limit Problem}},
  author={Carlsson, G.},
  journal ={Proc. of the Durham Symposium},
  year = {1985}
}

@article{thomason,
  title={{The Homotopy Limit Problem}},
  author={Thomason, R.},
  journal = {Proc. of the Northwestern Homotopy Theory Conf., Contemporary Mathematics},
  year = {1983}
}

@article{rector,
  title={{Modular Characters and K-Theory with Coefficients in Finite Fields}},
  author={Rector, D. L.},
  journal = {J. of Pure and Appl. Algebra},
  year = {1974}
}

@article{miller,
  title={{The Sullivan Conjecture on Maps from Classifying Spaces}},
  author={Miller, H.},
  journal = {Ann. of Math.},
  year = {1984}
}

@article{lannes,
  title={{Sur les Espaces Fonctionnels dont la Source est le Classifiant d’un p-Groupe Abelien Elementaire}},
  author={Lannes, J.},
  journal ={Pub. Math. de IHES},
  year = {1992}
}

@article{BBLNR,
  title={On {C}yclic {F}ixed {P}oints of {S}pectra},
  author={Bokstedt, M. and Bruner, R. and Lunoe-Nielsen, S. and Rognes, J.},
  journal ={{Math. Zeit.}},
  year = {2014}
}

@article{hahnWilsonTHH,
  title={Real {T}opological {H}ochschild {H}omology and the {S}egal {C}onjecture},
  author={Hahn, J. and Wilson, D.},
  journal ={{Preprint}},
  year = {2019},
  url = {https://arxiv.org/abs/1911.05687}
}

@article{quillenSpectrum,
  title={The {S}pectrum of an {E}quivariant {C}ohomology {Ring} : {I}},
  author={Quillen, D.},
  journal ={{Ann. of Math.}},
  year = {1971}
}

@article{adamsPeriodicity,
  title={{A Periodicity Theorem in Homological Algebra}},
  author={Adams, J.F.},
  journal ={{Math. Proc.  Camb. Phil. Soc.}},
  year = {1966}
}

@article{liulevicius,
  title={{Zeroes of the Cohomology of the Steenrod Algebra}},
  author={Liulevicius, A.},
  journal ={{Proc. Amer. Math. Soc.}},
  year = {1963}
}

@article{liulevicius,
  title={{Zeroes of the Cohomology of the Steenrod Algebra}},
  author={Liulevicius, A.},
  journal ={{Proc. Amer. Math. Soc.}},
  year = {1963}
}

@article{serreRepresentations,
  title={{Linear Representations of Finite Groups}},
  author={Serre, J.-P.},
  journal ={{Springer Lecture Notes in Mathematics}},
  year = {1977}
}

@article{achim,
  title={{The Picard Group in Equivariant Homotopy Theory via Stable Module Categories}},
  author={Krause, A.},
}

@article{mayEHCT,
  title={{Equivariant Homotopy and Cohomology Theory}},
  author={May, P.},
}

@article{segalRepCptLie,
  title={{The Representation Ring of a Compact Lie Group}},
  author={Segal, G.},
}

@article{conradCharacters,
  title={{Characters of Finite Abelian Groups}},
  author={Conrad, K.},
}

@article{karoubi,
  title={{Equivariant K-Theory of Real Vector Spaces and Real Projective Spaces}},
  author={Conrad, K.},
}

@article{mathewGalois,
  title={{The Galois Group of a Stable Homotopy Theory}},
  author={Mathew, A.},
}
@article{CMMN1,
  title={{Descent in Algebraic K-Theory and a Conjecture of Ausoni-Rognes}},
  author={Clausen, D. and Mathew, A. and Naumann, N. and Noel, J.},
}

@article{CMMN2,
  title={{Descent and Vanishing in Chromatic Algebraic K-Theory with Group Actions}},
  author={Clausen, D. and Mathew, A. and Naumann, N. and Noel, J.},
}

@article{mathewYTM,
  title={{Descent and Nilpotence in Algebraic K-Theory, YTM 2016}},
  author={Mathew, A.},
}

@article{GGN,
  title={{Universality of Multiplicative Infinite Loop Space Machines}},
  author={Gepner, D. and Groth, M. and Nikolaus, T.},
}


@article{BGT13,
  title={{A Universal Characterization of Higher Algebraic K-Theory}},
  author={Blumberg, A. and Gepner, D. and Tabuada, G.},
}

@article{BGTMult,
  title={{Uniqueness of the Multiplicative Cyclotomic Trace}},
  author={Blumberg, A. and Gepner, D. and Tabuada, G.},
}

@article{mayECHT,
  title={{Equivariant Cohomology and Homotopy Theory}},
  author={May, J.P.},
}

@article{nineAuthorsII,
  title={{Hermitian K-Theory for Stable $\infty$-Categories II: Cobordism Categories and Additivity}},
  author={Calment, B. and Dotto, E. and Harpaz, Y. and Hebestreit, F. and Land, M. and Moi, K. and Nardin, D. and Nikolaus, T. and Steimle, W.},
}

@article{rezk,
  title={{When are Homotopy Colimits Compatible with Homotopy Base Change?}},
  author={Rezk, C.},
}

@article{dottoExcision,
  title={{Higher Equivariant Excision}},
  author={Dotto, E.},
}

@article{dress,
  title={{Induction and Structure Theorems for Orthogonal Representations of Finite Groups}},
  author={Dress, A.},
}

